@article{peres1995higher,
  title={Higher order Schmidt decompositions},
  author={Peres, Asher},
  journal={arXiv preprint quant-ph/9504006},
  year={1995}
}